@book{Kelly:2011:RSN:2025239,
 author = {Kelly, F. P.},
 title = {Reversibility and Stochastic Networks},
 year = {2011},
 isbn = {1107401151, 9781107401150},
 publisher = {Cambridge University Press},
 address = {New York, NY, USA},
} 

@book{grimmett1999percolation,
  title={Percolation},
  author={Grimmett, G.},
  isbn={9783540649021},
  lccn={99021041},
  series={Die Grundlehren der mathematischen Wissenschaften in Einzeldarstellungen},
  url={https://books.google.ch/books?id=lTSzVXTOCpIC},
  year={1999},
  publisher={Springer}
}

@article{schonmann1994,
author = "Schonmann, Roberto H.",
fjournal = "Communications in Mathematical Physics",
journal = "Comm. Math. Phys.",
number = "1",
pages = "1--49",
publisher = "Springer",
title = "Slow droplet-driven relaxation of stochastic Ising models in the vicinity of the phase coexistence region",
url = "http://projecteuclid.org/euclid.cmp/1104269790",
volume = "161",
year = "1994"
}

@Article{Dehghanpour1997,
author="Dehghanpour, Pouria
and Schonmann, H. Roberto",
title="Metropolis Dynamics Relaxation via Nucleation and Growth",
journal="Communications in Mathematical Physics",
year="1997",
volume="188",
number="1",
pages="89--119",
abstract="We consider the Ising model with Metropolis dynamics on                                    under a small positive external field h. We show that the relaxation time, i.e., the time it takes for the system to reach the (+)-phase starting from all spins -1, scales as                                     as the temperature                                   , where                                    and                                    is the energy of a ``critical'' droplet. The factor                                    originates from droplet growth and is related to the dimension of the lattice, while the term (2-h) is related to the rate of growth of highly supercritical droplets.",
issn="1432-0916",
doi="10.1007/s002200050158",
url="http://dx.doi.org/10.1007/s002200050158"
}

@article{OLLE1997497,
title = "Dynamical Percolation",
journal = "Annales de l'Institut Henri Poincare (B) Probability and Statistics",
volume = "33",
number = "4",
pages = "497 - 528",
year = "1997",
note = "",
issn = "0246-0203",
doi = "http://dx.doi.org/10.1016/S0246-0203(97)80103-3",
url = "http://www.sciencedirect.com/science/article/pii/S0246020397801033",
author = "Häggström Olle and Peres Yuval and E. Steif Jeffrey",
keywords = "60 K 35",
keywords = "82 C 43"
}